<record><leader>00000cas a2200000 a 4500</leader><controlfield tag="001">55899359</controlfield><controlfield tag="007">hd afu---baca</controlfield><controlfield tag="007">hd bfu---baba</controlfield><controlfield tag="008">040713u1940uuuualumr nea     0    0eng c</controlfield><datafield ind1=" " ind2=" " tag="010"><subfield code="a">  2004225260</subfield></datafield><datafield ind1=" " ind2=" " tag="040"><subfield code="a">CRL</subfield><subfield code="b">eng</subfield><subfield code="c">CRL</subfield><subfield code="d">CRL</subfield><subfield code="d">OCLCO</subfield><subfield code="d">OCLCQ</subfield><subfield code="d">OCLCA</subfield><subfield code="d">OCLCF</subfield><subfield code="d">OCLCO</subfield></datafield><datafield ind1="1" ind2=" " tag="029"><subfield code="a">AU@</subfield><subfield code="b">000025995742</subfield></datafield><datafield ind1=" " ind2=" " tag="037"><subfield code="b">Microform Sales, Center for Research Libraries, 6050 S. Kenwood Ave., Chicago, IL 60637. http://www.crl.edu</subfield></datafield><datafield ind1=" " ind2=" " tag="042"><subfield code="a">pcc</subfield></datafield><datafield ind1=" " ind2=" " tag="043"><subfield code="a">n-us-al</subfield></datafield><datafield ind1=" " ind2=" " tag="090"><subfield code="a">S544.3.A1</subfield></datafield><datafield ind1="0" ind2=" " tag="130"><subfield code="a">Negro farmer (Tuskegee, Ala. : 1940)</subfield></datafield><datafield ind1="1" ind2="4" tag="245"><subfield code="a">The Negro farmer</subfield><subfield code="h">[microform].</subfield></datafield><datafield ind1=" " ind2=" " tag="260"><subfield code="a">Tuskegee, Ala. :</subfield><subfield code="b">Published in the interest of farm and home demonstration and 4-H Club work through the Negro Division of the API Extension Service, at Tuskegee Institute</subfield></datafield><datafield ind1=" " ind2=" " tag="300"><subfield code="a">v. :</subfield><subfield code="b">ill. ;</subfield><subfield code="c">45 cm.</subfield></datafield><datafield ind1=" " ind2=" " tag="310"><subfield code="a">Monthly</subfield></datafield><datafield ind1="1" ind2=" " tag="362"><subfield code="a">Began with vol. 1, no. 1 (Apr. 1940).</subfield></datafield><datafield ind1=" " ind2=" " tag="500"><subfield code="a">"Published through the Negro division of the Auburn University Extension Service", -Feb. 1963; "published by the Cooperative Extension Service of Auburn University in cooperation with the U.S. Dept. of Agriculture", Mar. 1963-</subfield></datafield><datafield ind1=" " ind2=" " tag="588"><subfield code="a">Description based on: V. 17, no. 6 (June 1956).</subfield></datafield><datafield ind1=" " ind2=" " tag="533"><subfield code="a">Microfilm.</subfield><subfield code="m">June 1956.</subfield><subfield code="b">Chicago, Ill. :</subfield><subfield code="c">University of Chicago Library, Dept. of Photoduplication [for Cooperative Africana Microfilm Project :</subfield><subfield code="c">Available from Center for Research Libraries].</subfield><subfield code="e">on 1 microfilm reel with other items ; 35 mm.</subfield><subfield code="f">(St. Clair Drake collection of Africana).</subfield></datafield><datafield ind1=" " ind2="0" tag="650"><subfield code="a">Agricultural extension work</subfield><subfield code="z">Alabama</subfield><subfield code="v">Newspapers.</subfield></datafield><datafield ind1=" " ind2="0" tag="650"><subfield code="a">African American newspapers</subfield><subfield code="z">Alabama.</subfield></datafield><datafield ind1=" " ind2="0" tag="650"><subfield code="a">African Americans</subfield><subfield code="z">Alabama</subfield><subfield code="v">Newspapers.</subfield></datafield><datafield ind1=" " ind2="0" tag="650"><subfield code="a">African Americans</subfield><subfield code="v">Newspapers.</subfield></datafield><datafield ind1=" " ind2="0" tag="650"><subfield code="a">Farmers</subfield><subfield code="z">Alabama</subfield><subfield code="v">Newspapers.</subfield></datafield><datafield ind1=" " ind2="0" tag="650"><subfield code="a">Agriculture</subfield><subfield code="z">Alabama</subfield><subfield code="v">Newspapers.</subfield></datafield><datafield ind1=" " ind2="7" tag="655"><subfield code="a">Newspapers.</subfield><subfield code="2">fast</subfield><subfield code="0">(OCoLC)fst01423814</subfield></datafield><datafield ind1=" " ind2="7" tag="650"><subfield code="a">African American newspapers.</subfield><subfield code="2">fast</subfield><subfield code="0">(OCoLC)fst00799278</subfield></datafield><datafield ind1=" " ind2="7" tag="650"><subfield code="a">African Americans.</subfield><subfield code="2">fast</subfield><subfield code="0">(OCoLC)fst00799558</subfield></datafield><datafield ind1=" " ind2="7" tag="650"><subfield code="a">Agricultural extension work.</subfield><subfield code="2">fast</subfield><subfield code="0">(OCoLC)fst00800781</subfield></datafield><datafield ind1=" " ind2="7" tag="650"><subfield code="a">Agriculture.</subfield><subfield code="2">fast</subfield><subfield code="0">(OCoLC)fst00801355</subfield></datafield><datafield ind1=" " ind2="7" tag="650"><subfield code="a">Farmers.</subfield><subfield code="2">fast</subfield><subfield code="0">(OCoLC)fst00921321</subfield></datafield><datafield ind1=" " ind2="7" tag="651"><subfield code="a">Alabama.</subfield><subfield code="2">fast</subfield><subfield code="0">(OCoLC)fst01204694</subfield></datafield><datafield ind1="2" ind2=" " tag="710"><subfield code="a">Tuskegee Institute.</subfield></datafield><datafield ind1="2" ind2=" " tag="710"><subfield code="a">Auburn University.</subfield><subfield code="b">Cooperative Extension Service.</subfield></datafield><datafield ind1="2" ind2=" " tag="710"><subfield code="a">Auburn University.</subfield><subfield code="b">Extension Service.</subfield></datafield><datafield ind1=" " ind2=" " tag="752"><subfield code="a">United States</subfield><subfield code="b">Alabama</subfield><subfield code="c">Macon</subfield><subfield code="d">Tuskegee.</subfield></datafield><datafield ind1="0" ind2="8" tag="776"><subfield code="i">Online version:</subfield><subfield code="t">Negro farmer (Tuskegee, Ala. : 1940)</subfield><subfield code="w">(OCoLC)808515173</subfield></datafield><datafield ind1=" " ind2="0" tag="830"><subfield code="a">St. Clair Drake collection of Africana.</subfield></datafield></record>